@book{arora2009,
  author    = {Sanjeev Arora and Boaz Barak},
  title     = {Computational Complexity: A Modern Approach},
  year      = {2009},
  publisher = {Cambridge University Press},
  location  = {Cambridge},
  note = {Relativization}
}

@article{arora2008algebrization,
  title={Algebrization: A New Barrier in Complexity Theory},
  author={Arora, Sanjeev and Barak, Boaz and Wigderson, Avi},
  journal={ACM Transactions on Computation Theory (TOCT)},
  volume={1},
  number={1},
  pages={1--54},
  year={2009},
  note={Originally published as ECCC TR08-112}
}

@article{shamir1992ip,
  author    = {Adi Shamir},
  title     = {IP = PSPACE},
  journal   = {Journal of the ACM},
  volume    = {39},
  number    = {4},
  year      = {1992},
  pages     = {869--877}
}

@article{lund1992algebraic,
  author    = {Carsten Lund and Lance Fortnow and Howard Karloff and Noam Nisan},
  title     = {Algebraic methods for interactive proof systems},
  journal   = {Journal of the ACM},
  volume    = {39},
  number    = {4},
  year      = {1992},
  pages     = {859--868}
}

@article{WeilDifferentiate,
  author  ={Khmaladze and Weil},
  year = {2008},
  title = {Differentiation of sets - The general case}
}

@article{held1962,
  author    = {Michael Held and Richard M. Karp},
  title     = {A Dynamic Programming Approach to Sequencing Problems},
  journal   = {Journal of the Society for Industrial and Applied Mathematics},
  volume    = {10},
  number    = {1},
  pages     = {196--210},
  year      = {1962},
  publisher = {Society for Industrial and Applied Mathematics},
  doi       = {10.1137/0110015}
}

@misc{aaronsonBlog,
  author       = {Scott Aaronson},
  title        = {Shtetl-Optimized [Blog]},
  year         = {2005--2024},
  note         = {\url{https://www.scottaaronson.com/blog/}},
  howpublished = {Online Blog},
}

@misc{godel1956,
  author = {Kurt GÃ¶del},
  title = {Letter to John von Neumann},
  year = {1956},
  note = {English translation cited in Arora and Barak (2009), Section 1.1}
}

@article{cook1971,
  author = {Stephen A. Cook},
  title = {The Complexity of Theorem-Proving Procedures},
  journal = {Proceedings of the Third Annual ACM Symposium on Theory of Computing (STOC)},
  year = {1971},
  pages = {151--158}
}

@inproceedings{karp1972,
  author = {Richard M. Karp},
  title = {Reducibility Among Combinatorial Problems},
  booktitle = {Complexity of Computer Computations},
  editor = {R. E. Miller and J. W. Thatcher},
  publisher = {Plenum Press},
  year = {1972},
  pages = {85--103}
}

@misc{claymillennium,
  title = {Millennium Prize Problems},
  author = {{Clay Mathematics Institute}},
  year = {2000},
  url = {https://www.claymath.org/millennium-problems/p-vs-np-problem}
}


@misc{williams2022barriers,
  author       = {Ryan Williams},
  title        = {Barriers Are Not Limits},
  year         = {2022},
  howpublished = {\url{https://www.scottaaronson.com/blog/?p=6316}},
  note         = {Guest post on Shtetl-Optimized Blog},
}


@misc{CS101,
  author        = {Kurt Anderson},
  howpublished  = {Udemy Course},
  title         = {Computer Science 101: Learn Computer Science to become a better Programmer and Software Engineer},
  year          = {2023},
  note          = {Introduction}
}

@book{sipser2012,
  author    = {Michael Sipser},
  title     = {Introduction to the Theory of Computation},
  year      = {2012},
  publisher = {Cengage Learning},
  edition   = {3rd}
}

@article{MIT2009,
  author      = {Larry Hardesty},
  journal     = {MIT News},
  title       = {Explained: P vs. NP},
  year        = {2009},
  note        = {Introduction}
}

@article{razborov1994,
  author    = {Alexander Razborov and Steven Rudich},
  title     = {Natural Proofs},
  journal   = {Journal of Computer and System Sciences},
  year      = {1997},
  volume    = {55},
  number    = {1},
  pages     = {24--35}
}

@article{baker1975relativizations,
  title   ={Relativizations of the P=?NP Question},
  author  ={Baker, Theodore and Gill, John and Solovay, Robert},
  journal ={SIAM Journal on Computing},
  volume  = {4},
  number  ={4},
  pages   ={431--442},
  year    ={1975},
  url     ={https://www.scribd.com/document/688253900/Relativizations-of-the-P-NP-Question-Original},
  note    ={Relativization}
}

@misc{aaronson2005philosophers,
  author  ={Aaronson, Scott},
  title   ={Why Philosophers Should Care About Computational Complexity},
  year    ={2005},
  url     ={https://www.scottaaronson.com/papers/philos.pdf},
  note    ={Relativization}
}

@article{fortnow2009status,
  title     ={The Status of the P versus NP Problem},
  author    ={Fortnow, Lance},
  journal   ={Communications of the ACM},
  volume    ={52},
  number    ={9},
  pages     ={78--86},
  year      ={2009},
  url       ={https://www.cs.cmu.edu/~15326-f23/CACM-Fortnow.pdf},
  note      ={Relativization}
}
