@book{arora2009,
  author    = {Sanjeev Arora and Boaz Barak},
  title     = {Computational Complexity: A Modern Approach},
  year      = {2009},
  publisher = {Cambridge University Press},
  location  = {Cambridge}
}

@misc{CS101,
  author = {Kurt Anderson},
  howpublished = {Udemy Course},
  title = {Computer Science 101: Learn Computer Science to become a better Programmer and Software Engineer},
  year = {2023}
}

@book{sipser2012,
  author    = {Michael Sipser},
  title     = {Introduction to the Theory of Computation},
  year      = {2012},
  publisher = {Cengage Learning},
  edition   = {3rd}
}

@article{MIT2009,
  author = {Larry Hardesty},
  journal = {MIT News},
  title = {Explained: P vs. NP},
  year = {2009}
}

@article{baker1975,
  author    = {Theodore Baker and John Gill and Robert Solovay},
  title     = {Relativizations of the P=?NP Question},
  journal   = {SIAM Journal on Computing},
  year      = {1975},
  volume    = {4},
  number    = {4},
  pages     = {431--442}
}

@article{razborov1994,
  author    = {Alexander Razborov and Steven Rudich},
  title     = {Natural Proofs},
  journal   = {Journal of Computer and System Sciences},
  year      = {1997},
  volume    = {55},
  number    = {1},
  pages     = {24--35}
}

